<?xml version="1.0" encoding="UTF-8" standalone="yes"?>
<Document xmlns:xsi="http://www.w3.org/2001/XMLSchema-instance" xmlns="urn:iso:std:iso:20022:tech:xsd:pain.001.001.03">
<CstmrCdtTrfInitn>
   <GrpHdr>
      <MsgId>TRANPAG000087F20191105T175138</MsgId>
      <CreDtTm>2019-11-05T17:51:38</CreDtTm>
      <NbOfTxs>1</NbOfTxs>
      <CtrlSum>4.51</CtrlSum>
      <InitgPty>
         <Nm>Herbelca S.L.</Nm>
         <Id>
           <OrgId>
               <Othr>
                  <Id>B46135372000</Id>
               </Othr>
           </OrgId>
         </Id>
      </InitgPty>
   </GrpHdr>
   <PmtInf>
      <PmtInfId>20191105175138B46135372</PmtInfId>
      <PmtMtd>TRF</PmtMtd>
      <ReqdExctnDt>2019-11-05</ReqdExctnDt>
      <Dbtr>
         <Nm>Herbelca S.L.</Nm>
         <PstlAdr>
            <Ctry>ES</Ctry>
            <AdrLine>CL Azagador de la Torre 93  VALENCIA</AdrLine>
         </PstlAdr>
         <Id>
            <OrgId>
               <Othr>
                  <Id>B46135372000</Id>
               </Othr>
            </OrgId>
         </Id>
    </Dbtr>
    <DbtrAcct>
       <Id>
          <IBAN>ES2800810693600002093621</IBAN>
       </Id>
       <Ccy>EUR</Ccy>
    </DbtrAcct>
    <DbtrAgt>
       <FinInstnId>
          <BIC>BSABESBBXXX</BIC>
       </FinInstnId>
    </DbtrAgt>
   <CdtTrfTxInf>
      <PmtId>
         <EndToEndId>4667      20190415001</EndToEndId>
      </PmtId>
      <PmtTpInf>
          <SvcLvl><Cd>SEPA</Cd></SvcLvl>
          <CtgyPurp><Cd>TRAD</Cd></CtgyPurp>
       </PmtTpInf>
       <Amt>
          <InstdAmt Ccy="EUR">4.51</InstdAmt>
       </Amt>
       <CdtrAgt>
          <FinInstnId>
             <BIC>BSABESBBXXX</BIC>
          </FinInstnId>
       </CdtrAgt>
       <Cdtr>
          <Nm>SIME HISPANIA, S.A.</Nm>
           <Id>
               <OrgId>
                  <Othr>
                     <Id>A18550137</Id>
                  </Othr>
               </OrgId>
           </Id>
        </Cdtr>
        <CdtrAcct>
           <Id>
              <IBAN>ES1600810659440001103720</IBAN>
           </Id>
        </CdtrAcct>
      <Purp>
         <Cd>TRAD</Cd>
      </Purp>
      <RmtInf>
         <Ustrd>4667        de 15/04/2019 N 001</Ustrd>
      </RmtInf>
   </CdtTrfTxInf>
   </PmtInf>
</CstmrCdtTrfInitn></Document>
