<?xml version="1.0" encoding="UTF-8" standalone="yes"?>
<Document xmlns:xsi="http://www.w3.org/2001/XMLSchema-instance" xmlns="urn:iso:std:iso:20022:tech:xsd:pain.001.001.03">
<CstmrCdtTrfInitn>
   <GrpHdr>
      <MsgId>TRANPAG000005F20180607T223958</MsgId>
      <CreDtTm>2018-06-07T22:39:58</CreDtTm>
      <NbOfTxs>1</NbOfTxs>
      <CtrlSum>112.05</CtrlSum>
      <InitgPty>
         <Nm>Radio Taxi Metropolitano de Valencia SLU</Nm>
         <Id>
           <OrgId>
               <Othr>
                  <Id>B98877806000</Id>
               </Othr>
           </OrgId>
         </Id>
      </InitgPty>
   </GrpHdr>
   <PmtInf>
      <PmtInfId>20180607223958B98877806</PmtInfId>
      <PmtMtd>TRF</PmtMtd>
      <ReqdExctnDt>2018-06-07</ReqdExctnDt>
      <Dbtr>
         <Nm>Radio Taxi Metropolitano de Valencia SLU</Nm>
         <PstlAdr>
            <Ctry>ES</Ctry>
            <AdrLine>CARRER DELS GREMIS 8  VALENCIA</AdrLine>
         </PstlAdr>
         <Id>
            <OrgId>
               <Othr>
                  <Id>B98877806000</Id>
               </Othr>
            </OrgId>
         </Id>
    </Dbtr>
    <DbtrAcct>
       <Id>
          <IBAN>ES8121005375140200020715</IBAN>
       </Id>
       <Ccy>EUR</Ccy>
    </DbtrAcct>
    <DbtrAgt>
       <FinInstnId>
          <BIC>CAIXESBBXXX</BIC>
       </FinInstnId>
    </DbtrAgt>
   <CdtTrfTxInf>
      <PmtId>
         <EndToEndId>C/3217475120171004001</EndToEndId>
      </PmtId>
      <PmtTpInf>
          <SvcLvl><Cd>SEPA</Cd></SvcLvl>
          <CtgyPurp><Cd>TRAD</Cd></CtgyPurp>
       </PmtTpInf>
       <Amt>
          <InstdAmt Ccy="EUR">112.05</InstdAmt>
       </Amt>
       <CdtrAgt>
          <FinInstnId>
             <BIC>CAIXESBBXXX</BIC>
          </FinInstnId>
       </CdtrAgt>
       <Cdtr>
          <Nm>JESUS ESTEVE S.L.</Nm>
           <Id>
               <OrgId>
                  <Othr>
                     <Id>B96713490</Id>
                  </Othr>
               </OrgId>
           </Id>
        </Cdtr>
        <CdtrAcct>
           <Id>
              <IBAN>ES5421004337820200008465</IBAN>
           </Id>
        </CdtrAcct>
      <Purp>
         <Cd>TRAD</Cd>
      </Purp>
      <RmtInf>
         <Ustrd>Factura C/32174751 de Fecha 31/10/2017</Ustrd>
      </RmtInf>
   </CdtTrfTxInf>
   </PmtInf>
</CstmrCdtTrfInitn></Document>
