<?xml version="1.0" encoding="UTF-8" standalone="yes"?>
<Document xmlns:xsi="http://www.w3.org/2001/XMLSchema-instance" xmlns="urn:iso:std:iso:20022:tech:xsd:pain.001.001.03">
<CstmrCdtTrfInitn>
   <GrpHdr>
      <MsgId>TRANABO000076F20170714T124154</MsgId>
      <CreDtTm>2017-07-14T12:41:54</CreDtTm>
      <NbOfTxs>1</NbOfTxs>
      <CtrlSum>500.00</CtrlSum>
      <InitgPty>
         <Nm>Materna Servicios y Carburantes SL</Nm>
         <Id>
           <OrgId>
               <Othr>
                  <Id>B98734098AT0</Id>
               </Othr>
           </OrgId>
         </Id>
      </InitgPty>
   </GrpHdr>
   <PmtInf>
      <PmtInfId>20170714124154B98734098</PmtInfId>
      <PmtMtd>TRF</PmtMtd>
      <ReqdExctnDt>2017-07-14</ReqdExctnDt>
      <Dbtr>
         <Nm>Materna Servicios y Carburantes SL</Nm>
         <PstlAdr>
            <Ctry>ES</Ctry>
            <AdrLine>CL PARTIDA MATERNA 17  VALENCIA</AdrLine>
         </PstlAdr>
         <Id>
            <OrgId>
               <Othr>
                  <Id>B98734098AT0</Id>
               </Othr>
            </OrgId>
         </Id>
    </Dbtr>
    <DbtrAcct>
       <Id>
          <IBAN>ES8430587105312720004451</IBAN>
       </Id>
       <Ccy>EUR</Ccy>
    </DbtrAcct>
    <DbtrAgt>
       <FinInstnId>
          <BIC>CCRIES2AXXX</BIC>
       </FinInstnId>
    </DbtrAgt>
   <CdtTrfTxInf>
      <PmtId>
         <EndToEndId>A  0000012320170101001</EndToEndId>
      </PmtId>
      <PmtTpInf>
          <SvcLvl><Cd>SEPA</Cd></SvcLvl>
          <CtgyPurp><Cd>TRAD</Cd></CtgyPurp>
       </PmtTpInf>
       <Amt>
          <InstdAmt Ccy="EUR">500.00</InstdAmt>
       </Amt>
       <CdtrAgt>
          <FinInstnId>
             <BIC>CCRIES2AXXX</BIC>
          </FinInstnId>
       </CdtrAgt>
       <Cdtr>
          <Nm>ESPA A MONTALVA, TRINIDAD (SIN</Nm>
           <Id>
               <OrgId>
                  <Othr>
                     <Id>20644775K</Id>
                  </Othr>
               </OrgId>
           </Id>
        </Cdtr>
        <CdtrAcct>
           <Id>
              <IBAN>ES7530587105362810003490</IBAN>
           </Id>
        </CdtrAcct>
      <Purp>
         <Cd>TRAD</Cd>
      </Purp>
      <RmtInf>
         <Ustrd>ESPA A MONTALVA, TRINIDAD (SIN</Ustrd>
      </RmtInf>
   </CdtTrfTxInf>
   </PmtInf>
</CstmrCdtTrfInitn></Document>
