<?xml version="1.0" encoding="UTF-8" standalone="yes"?>
<Document xmlns:xsi="http://www.w3.org/2001/XMLSchema-instance" xmlns="urn:iso:std:iso:20022:tech:xsd:pain.001.001.03">
<CstmrCdtTrfInitn>
   <GrpHdr>
      <MsgId>TRANPAG000038F20211116T161714</MsgId>
      <CreDtTm>2021-11-16T16:17:14</CreDtTm>
      <NbOfTxs>3</NbOfTxs>
      <CtrlSum>506.95</CtrlSum>
      <InitgPty>
         <Nm>Herbelca S.L.</Nm>
         <Id>
           <OrgId>
               <Othr>
                  <Id>B46135372000</Id>
               </Othr>
           </OrgId>
         </Id>
      </InitgPty>
   </GrpHdr>
   <PmtInf>
      <PmtInfId>20211116161714B46135372</PmtInfId>
      <PmtMtd>TRF</PmtMtd>
      <NbOfTxs>3</NbOfTxs>
      <CtrlSum>506.95</CtrlSum>
      <ReqdExctnDt>2022-08-25</ReqdExctnDt>
      <Dbtr>
         <Nm>Herbelca S.L.</Nm>
         <PstlAdr>
            <Ctry>ES</Ctry>
            <AdrLine>CL Azagador de la Torre 93  VALENCIA</AdrLine>
         </PstlAdr>
         <Id>
            <OrgId>
               <Othr>
                  <Id>B46135372000</Id>
               </Othr>
            </OrgId>
         </Id>
    </Dbtr>
    <DbtrAcct>
       <Id>
          <IBAN>ES2800810693600002093621</IBAN>
       </Id>
       <Ccy>EUR</Ccy>
    </DbtrAcct>
    <DbtrAgt>
       <FinInstnId>
          <BIC>BSABESBBXXX</BIC>
       </FinInstnId>
    </DbtrAgt>
   <CdtTrfTxInf>
      <PmtId>
         <EndToEndId>FR160403  20200115001</EndToEndId>
      </PmtId>
      <PmtTpInf>
          <SvcLvl><Cd>SEPA</Cd></SvcLvl>
          <CtgyPurp><Cd>TRAD</Cd></CtgyPurp>
       </PmtTpInf>
       <Amt>
          <InstdAmt Ccy="EUR">95.23</InstdAmt>
       </Amt>
       <CdtrAgt>
          <FinInstnId>
             <BIC>BSABESBBXXX</BIC>
          </FinInstnId>
       </CdtrAgt>
       <Cdtr>
          <Nm>CENT.LOGIS.COMPART.ELECTRO MARCILLA, S.A</Nm>
           <Id>
               <OrgId>
                  <Othr>
                     <Id>A31940547</Id>
                  </Othr>
               </OrgId>
           </Id>
        </Cdtr>
        <CdtrAcct>
           <Id>
              <IBAN>ES8200815193710001074814</IBAN>
           </Id>
        </CdtrAcct>
      <Purp>
         <Cd>TRAD</Cd>
      </Purp>
      <RmtInf>
         <Ustrd>Factura num.  FR160403-15/01/2020 Vto a fecha  15/03/2020</Ustrd>
      </RmtInf>
   </CdtTrfTxInf>
   <CdtTrfTxInf>
      <PmtId>
         <EndToEndId>FR160404  20200115001</EndToEndId>
      </PmtId>
      <PmtTpInf>
          <SvcLvl><Cd>SEPA</Cd></SvcLvl>
          <CtgyPurp><Cd>TRAD</Cd></CtgyPurp>
       </PmtTpInf>
       <Amt>
          <InstdAmt Ccy="EUR">225.54</InstdAmt>
       </Amt>
       <CdtrAgt>
          <FinInstnId>
             <BIC>BSABESBBXXX</BIC>
          </FinInstnId>
       </CdtrAgt>
       <Cdtr>
          <Nm>CENT.LOGIS.COMPART.ELECTRO MARCILLA, S.A</Nm>
           <Id>
               <OrgId>
                  <Othr>
                     <Id>A31940547</Id>
                  </Othr>
               </OrgId>
           </Id>
        </Cdtr>
        <CdtrAcct>
           <Id>
              <IBAN>ES8200815193710001074814</IBAN>
           </Id>
        </CdtrAcct>
      <Purp>
         <Cd>TRAD</Cd>
      </Purp>
      <RmtInf>
         <Ustrd>Factura num.  FR160404-15/01/2020 Vto a fecha  15/03/2020</Ustrd>
      </RmtInf>
   </CdtTrfTxInf>
   <CdtTrfTxInf>
      <PmtId>
         <EndToEndId>FR160405  20200115001</EndToEndId>
      </PmtId>
      <PmtTpInf>
          <SvcLvl><Cd>SEPA</Cd></SvcLvl>
          <CtgyPurp><Cd>TRAD</Cd></CtgyPurp>
       </PmtTpInf>
       <Amt>
          <InstdAmt Ccy="EUR">186.18</InstdAmt>
       </Amt>
       <CdtrAgt>
          <FinInstnId>
             <BIC>BSABESBBXXX</BIC>
          </FinInstnId>
       </CdtrAgt>
       <Cdtr>
          <Nm>CENT.LOGIS.COMPART.ELECTRO MARCILLA, S.A</Nm>
           <Id>
               <OrgId>
                  <Othr>
                     <Id>A31940547</Id>
                  </Othr>
               </OrgId>
           </Id>
        </Cdtr>
        <CdtrAcct>
           <Id>
              <IBAN>ES8200815193710001074814</IBAN>
           </Id>
        </CdtrAcct>
      <Purp>
         <Cd>TRAD</Cd>
      </Purp>
      <RmtInf>
         <Ustrd>Factura num.  FR160405-15/01/2020 Vto a fecha  15/03/2020</Ustrd>
      </RmtInf>
   </CdtTrfTxInf>
   </PmtInf>
</CstmrCdtTrfInitn></Document>
